@article{knuth84,
  author = {Knuth, Donald E.},
  title = {Literate Programming},
  year = {1984},
  issue_date = {May 1984},
  publisher = {Oxford University Press, Inc.},
  address = {USA},
  volume = {27},
  number = {2},
  issn = {0010-4620},
  url = {https://doi.org/10.1093/comjnl/27.2.97},
  doi = {10.1093/comjnl/27.2.97},
  journal = {Comput. J.},
  month = may,
  pages = {97–111},
  numpages = {15}
}



@article{Jain2018,
	title = {Nanopore sequencing and assembly of a human genome with ultra-long reads},
	author = {Jain, Miten and Koren, Sergey and Miga, Karen H and Quick, Josh and Rand, Arthur C and Sasani, Thomas A and Tyson, John R and Beggs, Andrew D and Dilthey, Alexander T and Fiddes, Ian T and Malla, Sunir and Marriott, Hannah and Nieto, Tom and {O'Grady}, Justin and Olsen, Hugh E and Pedersen, Brent S and Rhie, Arang and Richardson, Hollian and Quinlan, Aaron R and Snutch, Terrance P and Tee, Louise and Paten, Benedict and Phillippy, Adam M and Simpson, Jared T and Loman, Nicholas J and Loose, Matthew},
	year = {2018},
	month = {01},
	date = {2018-01-29},
	journal = {Nature Biotechnology},
	pages = {338--345},
	volume = {36},
	number = {4},
	doi = {10.1038/nbt.4060},
	url = {http://dx.doi.org/10.1038/nbt.4060},
	langid = {en}
}

@article{wang2021,
	title = {Nanopore sequencing technology, bioinformatics and applications},
	author = {Wang, Yunhao and Zhao, Yue and Bollas, Audrey and Wang, Yuru and Au, Kin Fai},
	year = {2021},
	month = {11},
	date = {2021-11},
	journal = {Nature Biotechnology},
	pages = {1348--1365},
	volume = {39},
	number = {11},
	doi = {10.1038/s41587-021-01108-x},
	url = {http://dx.doi.org/10.1038/s41587-021-01108-x},
	langid = {en}
}

@article{ip2015,
	title = {MinION Analysis and Reference Consortium: Phase 1 data release and analysis},
	author = {Ip, Camilla L.C. and Loose, Matthew and Tyson, John R. and de Cesare, Mariateresa and Brown, Bonnie L. and Jain, Miten and Leggett, Richard M. and Eccles, David A. and Zalunin, Vadim and Urban, John M. and Piazza, Paolo and Bowden, Rory J. and Paten, Benedict and Mwaigwisya, Solomon and Batty, Elizabeth M. and Simpson, Jared T. and Snutch, Terrance P. and Birney, Ewan and Buck, David and Goodwin, Sara and Jansen, Hans J. and {O'Grady}, Justin and Olsen, Hugh E. and , },
	year = {2015},
	month = {10},
	date = {2015-10-15},
	journal = {F1000Research},
	pages = {1075},
	volume = {4},
	doi = {10.12688/f1000research.7201.1},
	url = {http://dx.doi.org/10.12688/f1000research.7201.1},
	langid = {en}
}

@article{jain2016,
	title = {The Oxford Nanopore MinION: delivery of nanopore sequencing to the genomics community},
	author = {Jain, Miten and Olsen, Hugh E. and Paten, Benedict and Akeson, Mark},
	year = {2016},
	month = {11},
	date = {2016-11-25},
	journal = {Genome Biology},
	volume = {17},
	number = {1},
	doi = {10.1186/s13059-016-1103-0},
	url = {http://dx.doi.org/10.1186/s13059-016-1103-0},
	langid = {en}
}

@article{tyson2017,
	title = {MinION-based long-read sequencing and assembly extends the {\emph{Caenorhabditis elegans}} reference genome},
	author = {Tyson, John R. and {O'Neil}, Nigel J. and Jain, Miten and Olsen, Hugh E. and Hieter, Philip and Snutch, Terrance P.},
	year = {2017},
	month = {12},
	date = {2017-12-22},
	journal = {Genome Research},
	pages = {266--274},
	volume = {28},
	number = {2},
	doi = {10.1101/gr.221184.117},
	url = {http://dx.doi.org/10.1101/gr.221184.117},
	langid = {en}
}

@article{wan2022,
	title = {Beyond sequencing: machine learning algorithms extract biology hidden in Nanopore signal data},
	author = {Wan, Yuk Kei and Hendra, Christopher and Pratanwanich, Ploy N. and {Göke}, Jonathan},
	year = {2022},
	month = {03},
	date = {2022-03},
	journal = {Trends in Genetics},
	pages = {246--257},
	volume = {38},
	number = {3},
	doi = {10.1016/j.tig.2021.09.001},
	url = {http://dx.doi.org/10.1016/j.tig.2021.09.001},
	langid = {en}
}

@article{workman2019,
	title = {Nanopore native RNA sequencing of a human poly(A) transcriptome},
	author = {Workman, Rachael E. and Tang, Alison D. and Tang, Paul S. and Jain, Miten and Tyson, John R. and Razaghi, Roham and Zuzarte, Philip C. and Gilpatrick, Timothy and Payne, Alexander and Quick, Joshua and Sadowski, Norah and Holmes, Nadine and de Jesus, Jaqueline Goes and Jones, Karen L. and Soulette, Cameron M. and Snutch, Terrance P. and Loman, Nicholas and Paten, Benedict and Loose, Matthew and Simpson, Jared T. and Olsen, Hugh E. and Brooks, Angela N. and Akeson, Mark and Timp, Winston},
	year = {2019},
	month = {11},
	date = {2019-11-18},
	journal = {Nature Methods},
	pages = {1297--1305},
	volume = {16},
	number = {12},
	doi = {10.1038/s41592-019-0617-2},
	url = {http://dx.doi.org/10.1038/s41592-019-0617-2},
	langid = {en}
}

@article{wang2024,
	title = {Direct RNA sequencing coupled with adaptive sampling enriches RNAs of interest in the transcriptome},
	author = {Wang, Jiaxu and Yang, Lin and Cheng, Anthony and Tham, Cheng-Yong and Tan, Wenting and Darmawan, Jefferson and de Sessions, Paola Florez and Wan, Yue},
	year = {2024},
	month = {01},
	date = {2024-01-11},
	journal = {Nature Communications},
	volume = {15},
	number = {1},
	doi = {10.1038/s41467-023-44656-3},
	url = {http://dx.doi.org/10.1038/s41467-023-44656-3},
	langid = {en}
}

@article{bowden2019,
	title = {Sequencing of human genomes with nanopore technology},
	author = {Bowden, Rory and Davies, Robert W. and Heger, Andreas and Pagnamenta, Alistair T. and de Cesare, Mariateresa and Oikkonen, Laura E. and Parkes, Duncan and Freeman, Colin and Dhalla, Fatima and Patel, Smita Y. and Popitsch, Niko and Ip, Camilla L. C. and Roberts, Hannah E. and Salatino, Silvia and Lockstone, Helen and Lunter, Gerton and Taylor, Jenny C. and Buck, David and Simpson, Michael A. and Donnelly, Peter},
	year = {2019},
	month = {04},
	date = {2019-04-23},
	journal = {Nature Communications},
	volume = {10},
	number = {1},
	doi = {10.1038/s41467-019-09637-5},
	url = {http://dx.doi.org/10.1038/s41467-019-09637-5},
	langid = {en}
}

@article{delahaye2021,
	title = {Sequencing DNA with nanopores: Troubles and biases},
	author = {Delahaye, Clara and Nicolas, Jacques},
	editor = {{Andrés-León}, Eduardo},
	year = {2021},
	month = {10},
	date = {2021-10-01},
	journal = {PLOS ONE},
	pages = {e0257521},
	volume = {16},
	number = {10},
	doi = {10.1371/journal.pone.0257521},
	url = {http://dx.doi.org/10.1371/journal.pone.0257521},
	langid = {en}
}

@article{delahaye2021a,
	title = {Sequencing DNA with nanopores: Troubles and biases},
	author = {Delahaye, Clara and Nicolas, Jacques},
	editor = {{Andrés-León}, Eduardo},
	year = {2021},
	month = {10},
	date = {2021-10-01},
	journal = {PLOS ONE},
	pages = {e0257521},
	volume = {16},
	number = {10},
	doi = {10.1371/journal.pone.0257521},
	url = {http://dx.doi.org/10.1371/journal.pone.0257521},
	langid = {en}
}

@article{lin2021,
	title = {Nanopore Technology and Its Applications in Gene Sequencing},
	author = {Lin, Bo and Hui, Jianan and Mao, Hongju},
	year = {2021},
	month = {06},
	date = {2021-06-30},
	journal = {Biosensors},
	pages = {214},
	volume = {11},
	number = {7},
	doi = {10.3390/bios11070214},
	url = {http://dx.doi.org/10.3390/bios11070214},
	langid = {en}
}

@article{marx2023,
	title = {Method of the year: long-read sequencing},
	author = {Marx, Vivien},
	year = {2023},
	month = {01},
	date = {2023-01},
	journal = {Nature Methods},
	pages = {6--11},
	volume = {20},
	number = {1},
	doi = {10.1038/s41592-022-01730-w},
	url = {http://dx.doi.org/10.1038/s41592-022-01730-w},
	langid = {en}
}

@article{coster2023,
	title = {NanoPack2: population-scale evaluation of long-read sequencing data},
	author = {Coster, Wouter De and Rademakers, Rosa},
	year = {2023},
	month = {05},
	date = {2023-05},
	journal = {Bioinformatics},
	volume = {39},
	number = {5},
	doi = {10.1093/bioinformatics/btad311}
}

@article{coster2023a,
	title = {NanoPack2: population-scale evaluation of long-read sequencing data},
	author = {Coster, Wouter De and Rademakers, Rosa},
	year = {2023},
	month = {05},
	date = {2023-05},
	journal = {Bioinformatics},
	volume = {39},
	number = {5},
	doi = {10.1093/bioinformatics/btad311}
}
